%YAML 1.1
%TAG !u! tag:unity3d.com,2011:
--- !u!114 &11400000
MonoBehaviour:
  m_ObjectHideFlags: 0
  m_CorrespondingSourceObject: {fileID: 0}
  m_PrefabInternal: {fileID: 0}
  m_GameObject: {fileID: 0}
  m_Enabled: 1
  m_EditorHideFlags: 0
  m_Script: {fileID: 11500000, guid: c7ba4bfaffde90d4d81caa172682090f, type: 3}
  m_Name: Canvas
  m_EditorClassIdentifier: 
  path: Assets/Canvas/Canvas.asset
  nodes:
  - {fileID: 114130232817854868}
  - {fileID: 114330482723008668}
  - {fileID: 114259511482654454}
  - {fileID: 114146426897468310}
  - {fileID: 114588930410407712}
  - {fileID: 114115769383713114}
  - {fileID: 114119576384378762}
  - {fileID: 114684574435624344}
  - {fileID: 114437460281294246}
  - {fileID: 114121878064834944}
  - {fileID: 114322639968329084}
  - {fileID: 114626691660706962}
  changed: 0
--- !u!114 &114033851603273824
MonoBehaviour:
  m_ObjectHideFlags: 0
  m_CorrespondingSourceObject: {fileID: 0}
  m_PrefabInternal: {fileID: 0}
  m_GameObject: {fileID: 0}
  m_Enabled: 1
  m_EditorHideFlags: 0
  m_Script: {fileID: 11500000, guid: adec3be28b447d94c91428202322fd9b, type: 3}
  m_Name: '---- --- -- EdgeFindNode - 5 - 0 - 0'
  m_EditorClassIdentifier: 
  origin: {fileID: 114403718958086982}
  target: {fileID: 114629265351402314}
  path: Assets/Canvas/Canvas.asset
--- !u!114 &114035541583185380
MonoBehaviour:
  m_ObjectHideFlags: 0
  m_CorrespondingSourceObject: {fileID: 0}
  m_PrefabInternal: {fileID: 0}
  m_GameObject: {fileID: 0}
  m_Enabled: 1
  m_EditorHideFlags: 0
  m_Script: {fileID: 11500000, guid: 8627452d0ee0f7547b5a0f87feaee6d8, type: 3}
  m_Name: '--- -- BulgeNode - 2 - 2'
  m_EditorClassIdentifier: 
  id: b
  rect:
    serializedVersion: 2
    x: 580
    y: 242
    width: 80
    height: 20
  content: b>
  connections: []
  direction: 0
  multi: 0
  parent: {fileID: 114259511482654454}
  type: System.Single
  path: Assets/Canvas/Canvas.asset
  required: 0
--- !u!114 &114057201367119312
MonoBehaviour:
  m_ObjectHideFlags: 0
  m_CorrespondingSourceObject: {fileID: 0}
  m_PrefabInternal: {fileID: 0}
  m_GameObject: {fileID: 0}
  m_Enabled: 1
  m_EditorHideFlags: 0
  m_Script: {fileID: 11500000, guid: 8627452d0ee0f7547b5a0f87feaee6d8, type: 3}
  m_Name: '--- -- CutOutNode - 8 - 2'
  m_EditorClassIdentifier: 
  id: max
  rect:
    serializedVersion: 2
    x: 1331
    y: 714
    width: 80
    height: 20
  content: max>
  connections: []
  direction: 0
  multi: 0
  parent: {fileID: 114437460281294246}
  type: System.Single
  path: Assets/Canvas/Canvas.asset
  required: 0
--- !u!114 &114094395288764672
MonoBehaviour:
  m_ObjectHideFlags: 0
  m_CorrespondingSourceObject: {fileID: 0}
  m_PrefabInternal: {fileID: 0}
  m_GameObject: {fileID: 0}
  m_Enabled: 1
  m_EditorHideFlags: 0
  m_Script: {fileID: 11500000, guid: 8627452d0ee0f7547b5a0f87feaee6d8, type: 3}
  m_Name: '--- -- MultiplyMatrixNode - 3 - 0'
  m_EditorClassIdentifier: 
  id: input
  rect:
    serializedVersion: 2
    x: 797
    y: 322
    width: 80
    height: 20
  content: input>
  connections:
  - {fileID: 114095324155335326}
  direction: 0
  multi: 0
  parent: {fileID: 114146426897468310}
  type: System.Single[,]
  path: Assets/Canvas/Canvas.asset
  required: 1
--- !u!114 &114095324155335326
MonoBehaviour:
  m_ObjectHideFlags: 0
  m_CorrespondingSourceObject: {fileID: 0}
  m_PrefabInternal: {fileID: 0}
  m_GameObject: {fileID: 0}
  m_Enabled: 1
  m_EditorHideFlags: 0
  m_Script: {fileID: 11500000, guid: adec3be28b447d94c91428202322fd9b, type: 3}
  m_Name: '---- --- -- MultiplyMatrixNode - 3 - 0 - 0'
  m_EditorClassIdentifier: 
  origin: {fileID: 114177771299614760}
  target: {fileID: 114094395288764672}
  path: Assets/Canvas/Canvas.asset
--- !u!114 &114108942769519708
MonoBehaviour:
  m_ObjectHideFlags: 0
  m_CorrespondingSourceObject: {fileID: 0}
  m_PrefabInternal: {fileID: 0}
  m_GameObject: {fileID: 0}
  m_Enabled: 1
  m_EditorHideFlags: 0
  m_Script: {fileID: 11500000, guid: adec3be28b447d94c91428202322fd9b, type: 3}
  m_Name: '---- --- -- OutputNode - 1 - 0 - 0'
  m_EditorClassIdentifier: 
  origin: {fileID: 114945981784006366}
  target: {fileID: 114856008924830280}
  path: Assets/Canvas/Canvas.asset
--- !u!114 &114115769383713114
MonoBehaviour:
  m_ObjectHideFlags: 0
  m_CorrespondingSourceObject: {fileID: 0}
  m_PrefabInternal: {fileID: 0}
  m_GameObject: {fileID: 0}
  m_Enabled: 1
  m_EditorHideFlags: 0
  m_Script: {fileID: 11500000, guid: 9950148c2f2268c4a9853e661fb630e8, type: 3}
  m_Name: -- EdgeFindNode - 5
  m_EditorClassIdentifier: 
  rect:
    serializedVersion: 2
    x: 804
    y: 489
    width: 100
    height: 100
  path: Assets/Canvas/Canvas.asset
  handles:
  - {fileID: 114629265351402314}
  - {fileID: 114276277334352556}
  canvas: {fileID: 11400000}
--- !u!114 &114119576384378762
MonoBehaviour:
  m_ObjectHideFlags: 0
  m_CorrespondingSourceObject: {fileID: 0}
  m_PrefabInternal: {fileID: 0}
  m_GameObject: {fileID: 0}
  m_Enabled: 1
  m_EditorHideFlags: 0
  m_Script: {fileID: 11500000, guid: 727cb8b59d4c83442b79aac22e8fe365, type: 3}
  m_Name: -- MultiplyMatrixNode - 6
  m_EditorClassIdentifier: 
  rect:
    serializedVersion: 2
    x: 1026
    y: 426
    width: 100
    height: 100
  path: Assets/Canvas/Canvas.asset
  handles:
  - {fileID: 114830299034578120}
  - {fileID: 114709111314165874}
  canvas: {fileID: 11400000}
  value: 0.8
--- !u!114 &114121276799237484
MonoBehaviour:
  m_ObjectHideFlags: 0
  m_CorrespondingSourceObject: {fileID: 0}
  m_PrefabInternal: {fileID: 0}
  m_GameObject: {fileID: 0}
  m_Enabled: 1
  m_EditorHideFlags: 0
  m_Script: {fileID: 11500000, guid: adec3be28b447d94c91428202322fd9b, type: 3}
  m_Name: '---- --- -- MultiplyMatrixNode - 10 - 0 - 0'
  m_EditorClassIdentifier: 
  origin: {fileID: 114276277334352556}
  target: {fileID: 114531309656312032}
  path: Assets/Canvas/Canvas.asset
--- !u!114 &114121353212925756
MonoBehaviour:
  m_ObjectHideFlags: 0
  m_CorrespondingSourceObject: {fileID: 0}
  m_PrefabInternal: {fileID: 0}
  m_GameObject: {fileID: 0}
  m_Enabled: 1
  m_EditorHideFlags: 0
  m_Script: {fileID: 11500000, guid: 8627452d0ee0f7547b5a0f87feaee6d8, type: 3}
  m_Name: '--- -- PerlinNoiseNode - 0 - 0'
  m_EditorClassIdentifier: 
  id: values
  rect:
    serializedVersion: 2
    x: 540
    y: 111
    width: 80
    height: 20
  content: values>
  connections: []
  direction: 1
  multi: 0
  parent: {fileID: 114130232817854868}
  type: System.Single[,]
  path: Assets/Canvas/Canvas.asset
  required: 0
--- !u!114 &114121775151368840
MonoBehaviour:
  m_ObjectHideFlags: 0
  m_CorrespondingSourceObject: {fileID: 0}
  m_PrefabInternal: {fileID: 0}
  m_GameObject: {fileID: 0}
  m_Enabled: 1
  m_EditorHideFlags: 0
  m_Script: {fileID: 11500000, guid: 8627452d0ee0f7547b5a0f87feaee6d8, type: 3}
  m_Name: '--- -- CellularAutomataNode - 4 - 2'
  m_EditorClassIdentifier: 
  id: seed
  rect:
    serializedVersion: 2
    x: 487
    y: 424
    width: 80
    height: 20
  content: seed>
  connections: []
  direction: 0
  multi: 0
  parent: {fileID: 114588930410407712}
  type: System.Int32
  path: Assets/Canvas/Canvas.asset
  required: 0
--- !u!114 &114121878064834944
MonoBehaviour:
  m_ObjectHideFlags: 0
  m_CorrespondingSourceObject: {fileID: 0}
  m_PrefabInternal: {fileID: 0}
  m_GameObject: {fileID: 0}
  m_Enabled: 1
  m_EditorHideFlags: 0
  m_Script: {fileID: 11500000, guid: bc6125575f26b7f4699e93f87b8bc7d0, type: 3}
  m_Name: -- OutputNode - 9
  m_EditorClassIdentifier: 
  rect:
    serializedVersion: 2
    x: 1789
    y: 623
    width: 100
    height: 20
  path: Assets/Canvas/Canvas.asset
  handles:
  - {fileID: 114563135217873846}
  canvas: {fileID: 11400000}
  outputName: roads
--- !u!114 &114130232817854868
MonoBehaviour:
  m_ObjectHideFlags: 0
  m_CorrespondingSourceObject: {fileID: 0}
  m_PrefabInternal: {fileID: 0}
  m_GameObject: {fileID: 0}
  m_Enabled: 1
  m_EditorHideFlags: 0
  m_Script: {fileID: 11500000, guid: 76d71db7f3df29a48bbdf5c22e44f804, type: 3}
  m_Name: -- PerlinNoiseNode - 0
  m_EditorClassIdentifier: 
  rect:
    serializedVersion: 2
    x: 440
    y: 111
    width: 100
    height: 100
  path: Assets/Canvas/Canvas.asset
  handles:
  - {fileID: 114121353212925756}
  - {fileID: 114967518271952374}
  - {fileID: 114262641875096926}
  - {fileID: 114716308584372162}
  - {fileID: 114560374607299778}
  canvas: {fileID: 11400000}
  perlinScale: 0.03
  size: 64
  xPosition: 0
  yPosition: 0
--- !u!114 &114146426897468310
MonoBehaviour:
  m_ObjectHideFlags: 0
  m_CorrespondingSourceObject: {fileID: 0}
  m_PrefabInternal: {fileID: 0}
  m_GameObject: {fileID: 0}
  m_Enabled: 1
  m_EditorHideFlags: 0
  m_Script: {fileID: 11500000, guid: 727cb8b59d4c83442b79aac22e8fe365, type: 3}
  m_Name: -- MultiplyMatrixNode - 3
  m_EditorClassIdentifier: 
  rect:
    serializedVersion: 2
    x: 877
    y: 322
    width: 100
    height: 100
  path: Assets/Canvas/Canvas.asset
  handles:
  - {fileID: 114094395288764672}
  - {fileID: 114777818994536280}
  canvas: {fileID: 11400000}
  value: 1
--- !u!114 &114177771299614760
MonoBehaviour:
  m_ObjectHideFlags: 0
  m_CorrespondingSourceObject: {fileID: 0}
  m_PrefabInternal: {fileID: 0}
  m_GameObject: {fileID: 0}
  m_Enabled: 1
  m_EditorHideFlags: 0
  m_Script: {fileID: 11500000, guid: 8627452d0ee0f7547b5a0f87feaee6d8, type: 3}
  m_Name: '--- -- BulgeNode - 2 - 4'
  m_EditorClassIdentifier: 
  id: output
  rect:
    serializedVersion: 2
    x: 760
    y: 202
    width: 80
    height: 20
  content: output>
  connections: []
  direction: 1
  multi: 0
  parent: {fileID: 114259511482654454}
  type: System.Single[,]
  path: Assets/Canvas/Canvas.asset
  required: 1
--- !u!114 &114190179785172282
MonoBehaviour:
  m_ObjectHideFlags: 0
  m_CorrespondingSourceObject: {fileID: 0}
  m_PrefabInternal: {fileID: 0}
  m_GameObject: {fileID: 0}
  m_Enabled: 1
  m_EditorHideFlags: 0
  m_Script: {fileID: 11500000, guid: adec3be28b447d94c91428202322fd9b, type: 3}
  m_Name: '---- --- -- CutOutNode - 8 - 0 - 0'
  m_EditorClassIdentifier: 
  origin: {fileID: 114945981784006366}
  target: {fileID: 114641720616762288}
  path: Assets/Canvas/Canvas.asset
--- !u!114 &114201419462505204
MonoBehaviour:
  m_ObjectHideFlags: 0
  m_CorrespondingSourceObject: {fileID: 0}
  m_PrefabInternal: {fileID: 0}
  m_GameObject: {fileID: 0}
  m_Enabled: 1
  m_EditorHideFlags: 0
  m_Script: {fileID: 11500000, guid: adec3be28b447d94c91428202322fd9b, type: 3}
  m_Name: '---- --- -- PerlinNoiseNode - 0 - 2 - 0'
  m_EditorClassIdentifier: 
  origin: {fileID: 114437538963786412}
  target: {fileID: 114262641875096926}
  path: Assets/Canvas/Canvas.asset
--- !u!114 &114232375866704384
MonoBehaviour:
  m_ObjectHideFlags: 0
  m_CorrespondingSourceObject: {fileID: 0}
  m_PrefabInternal: {fileID: 0}
  m_GameObject: {fileID: 0}
  m_Enabled: 1
  m_EditorHideFlags: 0
  m_Script: {fileID: 11500000, guid: adec3be28b447d94c91428202322fd9b, type: 3}
  m_Name: '---- --- -- CutOutNode - 8 - 4 - 0'
  m_EditorClassIdentifier: 
  origin: {fileID: 114612322469073964}
  target: {fileID: 114409027177745010}
  path: Assets/Canvas/Canvas.asset
--- !u!114 &114259511482654454
MonoBehaviour:
  m_ObjectHideFlags: 0
  m_CorrespondingSourceObject: {fileID: 0}
  m_PrefabInternal: {fileID: 0}
  m_GameObject: {fileID: 0}
  m_Enabled: 1
  m_EditorHideFlags: 0
  m_Script: {fileID: 11500000, guid: 5b5ebf319b9f35242911557292130384, type: 3}
  m_Name: -- BulgeNode - 2
  m_EditorClassIdentifier: 
  rect:
    serializedVersion: 2
    x: 660
    y: 202
    width: 100
    height: 100
  path: Assets/Canvas/Canvas.asset
  handles:
  - {fileID: 114405949981751288}
  - {fileID: 114935798591175602}
  - {fileID: 114035541583185380}
  - {fileID: 114924997242933240}
  - {fileID: 114177771299614760}
  canvas: {fileID: 11400000}
  max: 1
  m: -3
  b: 2
--- !u!114 &114262641875096926
MonoBehaviour:
  m_ObjectHideFlags: 0
  m_CorrespondingSourceObject: {fileID: 0}
  m_PrefabInternal: {fileID: 0}
  m_GameObject: {fileID: 0}
  m_Enabled: 1
  m_EditorHideFlags: 0
  m_Script: {fileID: 11500000, guid: 8627452d0ee0f7547b5a0f87feaee6d8, type: 3}
  m_Name: '--- -- PerlinNoiseNode - 0 - 2'
  m_EditorClassIdentifier: 
  id: size
  rect:
    serializedVersion: 2
    x: 360
    y: 131
    width: 80
    height: 20
  content: size>
  connections:
  - {fileID: 114201419462505204}
  direction: 0
  multi: 0
  parent: {fileID: 114130232817854868}
  type: System.Int32
  path: Assets/Canvas/Canvas.asset
  required: 0
--- !u!114 &114275757605002932
MonoBehaviour:
  m_ObjectHideFlags: 0
  m_CorrespondingSourceObject: {fileID: 0}
  m_PrefabInternal: {fileID: 0}
  m_GameObject: {fileID: 0}
  m_Enabled: 1
  m_EditorHideFlags: 0
  m_Script: {fileID: 11500000, guid: 8627452d0ee0f7547b5a0f87feaee6d8, type: 3}
  m_Name: '--- -- CutOutNode - 8 - 5'
  m_EditorClassIdentifier: 
  id: output
  rect:
    serializedVersion: 2
    x: 1511
    y: 674
    width: 80
    height: 20
  content: output>
  connections: []
  direction: 1
  multi: 0
  parent: {fileID: 114437460281294246}
  type: System.Single[,]
  path: Assets/Canvas/Canvas.asset
  required: 1
--- !u!114 &114276277334352556
MonoBehaviour:
  m_ObjectHideFlags: 0
  m_CorrespondingSourceObject: {fileID: 0}
  m_PrefabInternal: {fileID: 0}
  m_GameObject: {fileID: 0}
  m_Enabled: 1
  m_EditorHideFlags: 0
  m_Script: {fileID: 11500000, guid: 8627452d0ee0f7547b5a0f87feaee6d8, type: 3}
  m_Name: '--- -- EdgeFindNode - 5 - 1'
  m_EditorClassIdentifier: 
  id: output
  rect:
    serializedVersion: 2
    x: 904
    y: 489
    width: 80
    height: 20
  content: output>
  connections: []
  direction: 1
  multi: 0
  parent: {fileID: 114115769383713114}
  type: System.Single[,]
  path: Assets/Canvas/Canvas.asset
  required: 1
--- !u!114 &114293226550480726
MonoBehaviour:
  m_ObjectHideFlags: 0
  m_CorrespondingSourceObject: {fileID: 0}
  m_PrefabInternal: {fileID: 0}
  m_GameObject: {fileID: 0}
  m_Enabled: 1
  m_EditorHideFlags: 0
  m_Script: {fileID: 11500000, guid: adec3be28b447d94c91428202322fd9b, type: 3}
  m_Name: '---- --- -- RoundNode - 7 - 0 - 0'
  m_EditorClassIdentifier: 
  origin: {fileID: 114709111314165874}
  target: {fileID: 114477318208138024}
  path: Assets/Canvas/Canvas.asset
--- !u!114 &114294841108402512
MonoBehaviour:
  m_ObjectHideFlags: 0
  m_CorrespondingSourceObject: {fileID: 0}
  m_PrefabInternal: {fileID: 0}
  m_GameObject: {fileID: 0}
  m_Enabled: 1
  m_EditorHideFlags: 0
  m_Script: {fileID: 11500000, guid: adec3be28b447d94c91428202322fd9b, type: 3}
  m_Name: '---- --- -- CutOutNode - 8 - 4 - 0'
  m_EditorClassIdentifier: 
  origin: {fileID: 114276277334352556}
  target: {fileID: 114409027177745010}
  path: Assets/Canvas/Canvas.asset
--- !u!114 &114322639968329084
MonoBehaviour:
  m_ObjectHideFlags: 0
  m_CorrespondingSourceObject: {fileID: 0}
  m_PrefabInternal: {fileID: 0}
  m_GameObject: {fileID: 0}
  m_Enabled: 1
  m_EditorHideFlags: 0
  m_Script: {fileID: 11500000, guid: 727cb8b59d4c83442b79aac22e8fe365, type: 3}
  m_Name: -- MultiplyMatrixNode - 10
  m_EditorClassIdentifier: 
  rect:
    serializedVersion: 2
    x: 1068
    y: 656
    width: 100
    height: 100
  path: Assets/Canvas/Canvas.asset
  handles:
  - {fileID: 114531309656312032}
  - {fileID: 114612322469073964}
  canvas: {fileID: 11400000}
  value: 10
--- !u!114 &114325646015780784
MonoBehaviour:
  m_ObjectHideFlags: 0
  m_CorrespondingSourceObject: {fileID: 0}
  m_PrefabInternal: {fileID: 0}
  m_GameObject: {fileID: 0}
  m_Enabled: 1
  m_EditorHideFlags: 0
  m_Script: {fileID: 11500000, guid: 8627452d0ee0f7547b5a0f87feaee6d8, type: 3}
  m_Name: '--- -- CutOutNode - 8 - 3'
  m_EditorClassIdentifier: 
  id: value
  rect:
    serializedVersion: 2
    x: 1331
    y: 734
    width: 80
    height: 20
  content: value>
  connections: []
  direction: 0
  multi: 0
  parent: {fileID: 114437460281294246}
  type: System.Single
  path: Assets/Canvas/Canvas.asset
  required: 0
--- !u!114 &114330482723008668
MonoBehaviour:
  m_ObjectHideFlags: 0
  m_CorrespondingSourceObject: {fileID: 0}
  m_PrefabInternal: {fileID: 0}
  m_GameObject: {fileID: 0}
  m_Enabled: 1
  m_EditorHideFlags: 0
  m_Script: {fileID: 11500000, guid: bc6125575f26b7f4699e93f87b8bc7d0, type: 3}
  m_Name: -- OutputNode - 1
  m_EditorClassIdentifier: 
  rect:
    serializedVersion: 2
    x: 1497
    y: 426
    width: 100
    height: 20
  path: Assets/Canvas/Canvas.asset
  handles:
  - {fileID: 114856008924830280}
  canvas: {fileID: 11400000}
  outputName: baseMap
--- !u!114 &114373573049981046
MonoBehaviour:
  m_ObjectHideFlags: 0
  m_CorrespondingSourceObject: {fileID: 0}
  m_PrefabInternal: {fileID: 0}
  m_GameObject: {fileID: 0}
  m_Enabled: 1
  m_EditorHideFlags: 0
  m_Script: {fileID: 11500000, guid: adec3be28b447d94c91428202322fd9b, type: 3}
  m_Name: '---- --- -- MultiplyMatrixNode - 6 - 0 - 0'
  m_EditorClassIdentifier: 
  origin: {fileID: 114777818994536280}
  target: {fileID: 114830299034578120}
  path: Assets/Canvas/Canvas.asset
--- !u!114 &114403718958086982
MonoBehaviour:
  m_ObjectHideFlags: 0
  m_CorrespondingSourceObject: {fileID: 0}
  m_PrefabInternal: {fileID: 0}
  m_GameObject: {fileID: 0}
  m_Enabled: 1
  m_EditorHideFlags: 0
  m_Script: {fileID: 11500000, guid: 8627452d0ee0f7547b5a0f87feaee6d8, type: 3}
  m_Name: '--- -- CellularAutomataNode - 4 - 0'
  m_EditorClassIdentifier: 
  id: values
  rect:
    serializedVersion: 2
    x: 667
    y: 404
    width: 80
    height: 20
  content: values>
  connections: []
  direction: 1
  multi: 0
  parent: {fileID: 114588930410407712}
  type: System.Single[,]
  path: Assets/Canvas/Canvas.asset
  required: 0
--- !u!114 &114405949981751288
MonoBehaviour:
  m_ObjectHideFlags: 0
  m_CorrespondingSourceObject: {fileID: 0}
  m_PrefabInternal: {fileID: 0}
  m_GameObject: {fileID: 0}
  m_Enabled: 1
  m_EditorHideFlags: 0
  m_Script: {fileID: 11500000, guid: 8627452d0ee0f7547b5a0f87feaee6d8, type: 3}
  m_Name: '--- -- BulgeNode - 2 - 0'
  m_EditorClassIdentifier: 
  id: max
  rect:
    serializedVersion: 2
    x: 580
    y: 202
    width: 80
    height: 20
  content: max>
  connections: []
  direction: 0
  multi: 0
  parent: {fileID: 114259511482654454}
  type: System.Single
  path: Assets/Canvas/Canvas.asset
  required: 0
--- !u!114 &114409027177745010
MonoBehaviour:
  m_ObjectHideFlags: 0
  m_CorrespondingSourceObject: {fileID: 0}
  m_PrefabInternal: {fileID: 0}
  m_GameObject: {fileID: 0}
  m_Enabled: 1
  m_EditorHideFlags: 0
  m_Script: {fileID: 11500000, guid: 8627452d0ee0f7547b5a0f87feaee6d8, type: 3}
  m_Name: '--- -- CutOutNode - 8 - 4'
  m_EditorClassIdentifier: 
  id: input
  rect:
    serializedVersion: 2
    x: 1331
    y: 754
    width: 80
    height: 20
  content: input>
  connections:
  - {fileID: 114232375866704384}
  direction: 0
  multi: 0
  parent: {fileID: 114437460281294246}
  type: System.Single[,]
  path: Assets/Canvas/Canvas.asset
  required: 1
--- !u!114 &114437460281294246
MonoBehaviour:
  m_ObjectHideFlags: 0
  m_CorrespondingSourceObject: {fileID: 0}
  m_PrefabInternal: {fileID: 0}
  m_GameObject: {fileID: 0}
  m_Enabled: 1
  m_EditorHideFlags: 0
  m_Script: {fileID: 11500000, guid: 7f2dcec628a80964780b6a0983a93af0, type: 3}
  m_Name: -- CutOutNode - 8
  m_EditorClassIdentifier: 
  rect:
    serializedVersion: 2
    x: 1411
    y: 674
    width: 100
    height: 100
  path: Assets/Canvas/Canvas.asset
  handles:
  - {fileID: 114641720616762288}
  - {fileID: 114701542973301638}
  - {fileID: 114057201367119312}
  - {fileID: 114325646015780784}
  - {fileID: 114409027177745010}
  - {fileID: 114275757605002932}
  canvas: {fileID: 11400000}
  min: 0.3
  max: 0.7
  value: 0
--- !u!114 &114437538963786412
MonoBehaviour:
  m_ObjectHideFlags: 0
  m_CorrespondingSourceObject: {fileID: 0}
  m_PrefabInternal: {fileID: 0}
  m_GameObject: {fileID: 0}
  m_Enabled: 1
  m_EditorHideFlags: 0
  m_Script: {fileID: 11500000, guid: 8627452d0ee0f7547b5a0f87feaee6d8, type: 3}
  m_Name: '--- -- IntConstantNode - 11 - 0'
  m_EditorClassIdentifier: 
  id: constant
  rect:
    serializedVersion: 2
    x: 240
    y: 257
    width: 80
    height: 20
  content: constant>
  connections: []
  direction: 1
  multi: 0
  parent: {fileID: 114626691660706962}
  type: System.Int32
  path: Assets/Canvas/Canvas.asset
  required: 1
--- !u!114 &114477318208138024
MonoBehaviour:
  m_ObjectHideFlags: 0
  m_CorrespondingSourceObject: {fileID: 0}
  m_PrefabInternal: {fileID: 0}
  m_GameObject: {fileID: 0}
  m_Enabled: 1
  m_EditorHideFlags: 0
  m_Script: {fileID: 11500000, guid: 8627452d0ee0f7547b5a0f87feaee6d8, type: 3}
  m_Name: '--- -- RoundNode - 7 - 0'
  m_EditorClassIdentifier: 
  id: input
  rect:
    serializedVersion: 2
    x: 1161
    y: 532
    width: 80
    height: 20
  content: input>
  connections:
  - {fileID: 114293226550480726}
  direction: 0
  multi: 0
  parent: {fileID: 114684574435624344}
  type: System.Single[,]
  path: Assets/Canvas/Canvas.asset
  required: 1
--- !u!114 &114492502769160922
MonoBehaviour:
  m_ObjectHideFlags: 0
  m_CorrespondingSourceObject: {fileID: 0}
  m_PrefabInternal: {fileID: 0}
  m_GameObject: {fileID: 0}
  m_Enabled: 1
  m_EditorHideFlags: 0
  m_Script: {fileID: 11500000, guid: adec3be28b447d94c91428202322fd9b, type: 3}
  m_Name: '---- --- -- MultiplyMatrixNode - 10 - 0 - 0'
  m_EditorClassIdentifier: 
  origin: {fileID: 114276277334352556}
  target: {fileID: 114531309656312032}
  path: Assets/Canvas/Canvas.asset
--- !u!114 &114501415030562044
MonoBehaviour:
  m_ObjectHideFlags: 0
  m_CorrespondingSourceObject: {fileID: 0}
  m_PrefabInternal: {fileID: 0}
  m_GameObject: {fileID: 0}
  m_Enabled: 1
  m_EditorHideFlags: 0
  m_Script: {fileID: 11500000, guid: adec3be28b447d94c91428202322fd9b, type: 3}
  m_Name: '---- --- -- CellularAutomataNode - 4 - 1 - 0'
  m_EditorClassIdentifier: 
  origin: {fileID: 114437538963786412}
  target: {fileID: 114829602402424790}
  path: Assets/Canvas/Canvas.asset
--- !u!114 &114522362412620282
MonoBehaviour:
  m_ObjectHideFlags: 0
  m_CorrespondingSourceObject: {fileID: 0}
  m_PrefabInternal: {fileID: 0}
  m_GameObject: {fileID: 0}
  m_Enabled: 1
  m_EditorHideFlags: 0
  m_Script: {fileID: 11500000, guid: 8627452d0ee0f7547b5a0f87feaee6d8, type: 3}
  m_Name: '--- -- CellularAutomataNode - 4 - 5'
  m_EditorClassIdentifier: 
  id: yPosition
  rect:
    serializedVersion: 2
    x: 487
    y: 484
    width: 80
    height: 20
  content: yPosition>
  connections: []
  direction: 0
  multi: 0
  parent: {fileID: 114588930410407712}
  type: System.Int32
  path: Assets/Canvas/Canvas.asset
  required: 0
--- !u!114 &114531309656312032
MonoBehaviour:
  m_ObjectHideFlags: 0
  m_CorrespondingSourceObject: {fileID: 0}
  m_PrefabInternal: {fileID: 0}
  m_GameObject: {fileID: 0}
  m_Enabled: 1
  m_EditorHideFlags: 0
  m_Script: {fileID: 11500000, guid: 8627452d0ee0f7547b5a0f87feaee6d8, type: 3}
  m_Name: '--- -- MultiplyMatrixNode - 10 - 0'
  m_EditorClassIdentifier: 
  id: input
  rect:
    serializedVersion: 2
    x: 988
    y: 656
    width: 80
    height: 20
  content: input>
  connections:
  - {fileID: 114492502769160922}
  direction: 0
  multi: 0
  parent: {fileID: 114322639968329084}
  type: System.Single[,]
  path: Assets/Canvas/Canvas.asset
  required: 1
--- !u!114 &114560374607299778
MonoBehaviour:
  m_ObjectHideFlags: 0
  m_CorrespondingSourceObject: {fileID: 0}
  m_PrefabInternal: {fileID: 0}
  m_GameObject: {fileID: 0}
  m_Enabled: 1
  m_EditorHideFlags: 0
  m_Script: {fileID: 11500000, guid: 8627452d0ee0f7547b5a0f87feaee6d8, type: 3}
  m_Name: '--- -- PerlinNoiseNode - 0 - 4'
  m_EditorClassIdentifier: 
  id: yPosition
  rect:
    serializedVersion: 2
    x: 360
    y: 171
    width: 80
    height: 20
  content: yPosition>
  connections: []
  direction: 0
  multi: 0
  parent: {fileID: 114130232817854868}
  type: System.Single
  path: Assets/Canvas/Canvas.asset
  required: 0
--- !u!114 &114563135217873846
MonoBehaviour:
  m_ObjectHideFlags: 0
  m_CorrespondingSourceObject: {fileID: 0}
  m_PrefabInternal: {fileID: 0}
  m_GameObject: {fileID: 0}
  m_Enabled: 1
  m_EditorHideFlags: 0
  m_Script: {fileID: 11500000, guid: 8627452d0ee0f7547b5a0f87feaee6d8, type: 3}
  m_Name: '--- -- OutputNode - 9 - 0'
  m_EditorClassIdentifier: 
  id: input
  rect:
    serializedVersion: 2
    x: 1709
    y: 623
    width: 80
    height: 20
  content: input>
  connections:
  - {fileID: 114923080297434674}
  direction: 0
  multi: 1
  parent: {fileID: 114121878064834944}
  type: System.Object
  path: Assets/Canvas/Canvas.asset
  required: 0
--- !u!114 &114588930410407712
MonoBehaviour:
  m_ObjectHideFlags: 0
  m_CorrespondingSourceObject: {fileID: 0}
  m_PrefabInternal: {fileID: 0}
  m_GameObject: {fileID: 0}
  m_Enabled: 1
  m_EditorHideFlags: 0
  m_Script: {fileID: 11500000, guid: 99323d9180c20034cbaf46f6db223c69, type: 3}
  m_Name: -- CellularAutomataNode - 4
  m_EditorClassIdentifier: 
  rect:
    serializedVersion: 2
    x: 567
    y: 404
    width: 100
    height: 100
  path: Assets/Canvas/Canvas.asset
  handles:
  - {fileID: 114403718958086982}
  - {fileID: 114829602402424790}
  - {fileID: 114121775151368840}
  - {fileID: 114622098670138892}
  - {fileID: 114786312380820420}
  - {fileID: 114522362412620282}
  canvas: {fileID: 11400000}
  size: 64
  seed: 1337
  scalar: 4
  xPosition: 0
  yPosition: 0
--- !u!114 &114612322469073964
MonoBehaviour:
  m_ObjectHideFlags: 0
  m_CorrespondingSourceObject: {fileID: 0}
  m_PrefabInternal: {fileID: 0}
  m_GameObject: {fileID: 0}
  m_Enabled: 1
  m_EditorHideFlags: 0
  m_Script: {fileID: 11500000, guid: 8627452d0ee0f7547b5a0f87feaee6d8, type: 3}
  m_Name: '--- -- MultiplyMatrixNode - 10 - 1'
  m_EditorClassIdentifier: 
  id: output
  rect:
    serializedVersion: 2
    x: 1168
    y: 656
    width: 80
    height: 20
  content: output>
  connections: []
  direction: 1
  multi: 0
  parent: {fileID: 114322639968329084}
  type: System.Single[,]
  path: Assets/Canvas/Canvas.asset
  required: 0
--- !u!114 &114617666940360658
MonoBehaviour:
  m_ObjectHideFlags: 0
  m_CorrespondingSourceObject: {fileID: 0}
  m_PrefabInternal: {fileID: 0}
  m_GameObject: {fileID: 0}
  m_Enabled: 1
  m_EditorHideFlags: 0
  m_Script: {fileID: 11500000, guid: adec3be28b447d94c91428202322fd9b, type: 3}
  m_Name: '---- --- -- CutOutNode - 8 - 0 - 0'
  m_EditorClassIdentifier: 
  origin: {fileID: 114945981784006366}
  target: {fileID: 114641720616762288}
  path: Assets/Canvas/Canvas.asset
--- !u!114 &114622098670138892
MonoBehaviour:
  m_ObjectHideFlags: 0
  m_CorrespondingSourceObject: {fileID: 0}
  m_PrefabInternal: {fileID: 0}
  m_GameObject: {fileID: 0}
  m_Enabled: 1
  m_EditorHideFlags: 0
  m_Script: {fileID: 11500000, guid: 8627452d0ee0f7547b5a0f87feaee6d8, type: 3}
  m_Name: '--- -- CellularAutomataNode - 4 - 3'
  m_EditorClassIdentifier: 
  id: scalar
  rect:
    serializedVersion: 2
    x: 487
    y: 444
    width: 80
    height: 20
  content: scalar>
  connections: []
  direction: 0
  multi: 0
  parent: {fileID: 114588930410407712}
  type: System.Int32
  path: Assets/Canvas/Canvas.asset
  required: 0
--- !u!114 &114626691660706962
MonoBehaviour:
  m_ObjectHideFlags: 0
  m_CorrespondingSourceObject: {fileID: 0}
  m_PrefabInternal: {fileID: 0}
  m_GameObject: {fileID: 0}
  m_Enabled: 1
  m_EditorHideFlags: 0
  m_Script: {fileID: 11500000, guid: 2af06c62ebb7924449e7ec96ced9bcbf, type: 3}
  m_Name: -- IntConstantNode - 11
  m_EditorClassIdentifier: 
  rect:
    serializedVersion: 2
    x: 140
    y: 257
    width: 100
    height: 40
  path: Assets/Canvas/Canvas.asset
  handles:
  - {fileID: 114437538963786412}
  canvas: {fileID: 11400000}
  constantName: Size
  constant: 64
--- !u!114 &114629265351402314
MonoBehaviour:
  m_ObjectHideFlags: 0
  m_CorrespondingSourceObject: {fileID: 0}
  m_PrefabInternal: {fileID: 0}
  m_GameObject: {fileID: 0}
  m_Enabled: 1
  m_EditorHideFlags: 0
  m_Script: {fileID: 11500000, guid: 8627452d0ee0f7547b5a0f87feaee6d8, type: 3}
  m_Name: '--- -- EdgeFindNode - 5 - 0'
  m_EditorClassIdentifier: 
  id: input
  rect:
    serializedVersion: 2
    x: 724
    y: 489
    width: 80
    height: 20
  content: input>
  connections:
  - {fileID: 114033851603273824}
  direction: 0
  multi: 0
  parent: {fileID: 114115769383713114}
  type: System.Single[,]
  path: Assets/Canvas/Canvas.asset
  required: 1
--- !u!114 &114641720616762288
MonoBehaviour:
  m_ObjectHideFlags: 0
  m_CorrespondingSourceObject: {fileID: 0}
  m_PrefabInternal: {fileID: 0}
  m_GameObject: {fileID: 0}
  m_Enabled: 1
  m_EditorHideFlags: 0
  m_Script: {fileID: 11500000, guid: 8627452d0ee0f7547b5a0f87feaee6d8, type: 3}
  m_Name: '--- -- CutOutNode - 8 - 0'
  m_EditorClassIdentifier: 
  id: cutOutMap
  rect:
    serializedVersion: 2
    x: 1331
    y: 674
    width: 80
    height: 20
  content: cutOutMap>
  connections:
  - {fileID: 114617666940360658}
  direction: 0
  multi: 0
  parent: {fileID: 114437460281294246}
  type: System.Single[,]
  path: Assets/Canvas/Canvas.asset
  required: 1
--- !u!114 &114657118783709658
MonoBehaviour:
  m_ObjectHideFlags: 0
  m_CorrespondingSourceObject: {fileID: 0}
  m_PrefabInternal: {fileID: 0}
  m_GameObject: {fileID: 0}
  m_Enabled: 1
  m_EditorHideFlags: 0
  m_Script: {fileID: 11500000, guid: adec3be28b447d94c91428202322fd9b, type: 3}
  m_Name: '---- --- -- BulgeNode - 2 - 3 - 0'
  m_EditorClassIdentifier: 
  origin: {fileID: 114121353212925756}
  target: {fileID: 114924997242933240}
  path: Assets/Canvas/Canvas.asset
--- !u!114 &114684574435624344
MonoBehaviour:
  m_ObjectHideFlags: 0
  m_CorrespondingSourceObject: {fileID: 0}
  m_PrefabInternal: {fileID: 0}
  m_GameObject: {fileID: 0}
  m_Enabled: 1
  m_EditorHideFlags: 0
  m_Script: {fileID: 11500000, guid: 5773417aa02d95d4687e3acc81da4ab8, type: 3}
  m_Name: -- RoundNode - 7
  m_EditorClassIdentifier: 
  rect:
    serializedVersion: 2
    x: 1241
    y: 532
    width: 100
    height: 100
  path: Assets/Canvas/Canvas.asset
  handles:
  - {fileID: 114477318208138024}
  - {fileID: 114945981784006366}
  canvas: {fileID: 11400000}
  value: 8
--- !u!114 &114701542973301638
MonoBehaviour:
  m_ObjectHideFlags: 0
  m_CorrespondingSourceObject: {fileID: 0}
  m_PrefabInternal: {fileID: 0}
  m_GameObject: {fileID: 0}
  m_Enabled: 1
  m_EditorHideFlags: 0
  m_Script: {fileID: 11500000, guid: 8627452d0ee0f7547b5a0f87feaee6d8, type: 3}
  m_Name: '--- -- CutOutNode - 8 - 1'
  m_EditorClassIdentifier: 
  id: min
  rect:
    serializedVersion: 2
    x: 1331
    y: 694
    width: 80
    height: 20
  content: min>
  connections: []
  direction: 0
  multi: 0
  parent: {fileID: 114437460281294246}
  type: System.Single
  path: Assets/Canvas/Canvas.asset
  required: 0
--- !u!114 &114709111314165874
MonoBehaviour:
  m_ObjectHideFlags: 0
  m_CorrespondingSourceObject: {fileID: 0}
  m_PrefabInternal: {fileID: 0}
  m_GameObject: {fileID: 0}
  m_Enabled: 1
  m_EditorHideFlags: 0
  m_Script: {fileID: 11500000, guid: 8627452d0ee0f7547b5a0f87feaee6d8, type: 3}
  m_Name: '--- -- MultiplyMatrixNode - 6 - 1'
  m_EditorClassIdentifier: 
  id: output
  rect:
    serializedVersion: 2
    x: 1126
    y: 426
    width: 80
    height: 20
  content: output>
  connections: []
  direction: 1
  multi: 0
  parent: {fileID: 114119576384378762}
  type: System.Single[,]
  path: Assets/Canvas/Canvas.asset
  required: 0
--- !u!114 &114716308584372162
MonoBehaviour:
  m_ObjectHideFlags: 0
  m_CorrespondingSourceObject: {fileID: 0}
  m_PrefabInternal: {fileID: 0}
  m_GameObject: {fileID: 0}
  m_Enabled: 1
  m_EditorHideFlags: 0
  m_Script: {fileID: 11500000, guid: 8627452d0ee0f7547b5a0f87feaee6d8, type: 3}
  m_Name: '--- -- PerlinNoiseNode - 0 - 3'
  m_EditorClassIdentifier: 
  id: xPosition
  rect:
    serializedVersion: 2
    x: 360
    y: 151
    width: 80
    height: 20
  content: xPosition>
  connections: []
  direction: 0
  multi: 0
  parent: {fileID: 114130232817854868}
  type: System.Single
  path: Assets/Canvas/Canvas.asset
  required: 0
--- !u!114 &114777818994536280
MonoBehaviour:
  m_ObjectHideFlags: 0
  m_CorrespondingSourceObject: {fileID: 0}
  m_PrefabInternal: {fileID: 0}
  m_GameObject: {fileID: 0}
  m_Enabled: 1
  m_EditorHideFlags: 0
  m_Script: {fileID: 11500000, guid: 8627452d0ee0f7547b5a0f87feaee6d8, type: 3}
  m_Name: '--- -- MultiplyMatrixNode - 3 - 1'
  m_EditorClassIdentifier: 
  id: output
  rect:
    serializedVersion: 2
    x: 977
    y: 322
    width: 80
    height: 20
  content: output>
  connections: []
  direction: 1
  multi: 0
  parent: {fileID: 114146426897468310}
  type: System.Single[,]
  path: Assets/Canvas/Canvas.asset
  required: 0
--- !u!114 &114786312380820420
MonoBehaviour:
  m_ObjectHideFlags: 0
  m_CorrespondingSourceObject: {fileID: 0}
  m_PrefabInternal: {fileID: 0}
  m_GameObject: {fileID: 0}
  m_Enabled: 1
  m_EditorHideFlags: 0
  m_Script: {fileID: 11500000, guid: 8627452d0ee0f7547b5a0f87feaee6d8, type: 3}
  m_Name: '--- -- CellularAutomataNode - 4 - 4'
  m_EditorClassIdentifier: 
  id: xPosition
  rect:
    serializedVersion: 2
    x: 487
    y: 464
    width: 80
    height: 20
  content: xPosition>
  connections: []
  direction: 0
  multi: 0
  parent: {fileID: 114588930410407712}
  type: System.Int32
  path: Assets/Canvas/Canvas.asset
  required: 0
--- !u!114 &114808951372252686
MonoBehaviour:
  m_ObjectHideFlags: 0
  m_CorrespondingSourceObject: {fileID: 0}
  m_PrefabInternal: {fileID: 0}
  m_GameObject: {fileID: 0}
  m_Enabled: 1
  m_EditorHideFlags: 0
  m_Script: {fileID: 11500000, guid: adec3be28b447d94c91428202322fd9b, type: 3}
  m_Name: '---- --- -- MultiplyMatrixNode - 3 - 0 - 0'
  m_EditorClassIdentifier: 
  origin: {fileID: 114177771299614760}
  target: {fileID: 114094395288764672}
  path: Assets/Canvas/Canvas.asset
--- !u!114 &114829602402424790
MonoBehaviour:
  m_ObjectHideFlags: 0
  m_CorrespondingSourceObject: {fileID: 0}
  m_PrefabInternal: {fileID: 0}
  m_GameObject: {fileID: 0}
  m_Enabled: 1
  m_EditorHideFlags: 0
  m_Script: {fileID: 11500000, guid: 8627452d0ee0f7547b5a0f87feaee6d8, type: 3}
  m_Name: '--- -- CellularAutomataNode - 4 - 1'
  m_EditorClassIdentifier: 
  id: size
  rect:
    serializedVersion: 2
    x: 487
    y: 404
    width: 80
    height: 20
  content: size>
  connections:
  - {fileID: 114501415030562044}
  direction: 0
  multi: 0
  parent: {fileID: 114588930410407712}
  type: System.Int32
  path: Assets/Canvas/Canvas.asset
  required: 0
--- !u!114 &114830299034578120
MonoBehaviour:
  m_ObjectHideFlags: 0
  m_CorrespondingSourceObject: {fileID: 0}
  m_PrefabInternal: {fileID: 0}
  m_GameObject: {fileID: 0}
  m_Enabled: 1
  m_EditorHideFlags: 0
  m_Script: {fileID: 11500000, guid: 8627452d0ee0f7547b5a0f87feaee6d8, type: 3}
  m_Name: '--- -- MultiplyMatrixNode - 6 - 0'
  m_EditorClassIdentifier: 
  id: input
  rect:
    serializedVersion: 2
    x: 946
    y: 426
    width: 80
    height: 20
  content: input>
  connections:
  - {fileID: 114373573049981046}
  direction: 0
  multi: 0
  parent: {fileID: 114119576384378762}
  type: System.Single[,]
  path: Assets/Canvas/Canvas.asset
  required: 1
--- !u!114 &114856008924830280
MonoBehaviour:
  m_ObjectHideFlags: 0
  m_CorrespondingSourceObject: {fileID: 0}
  m_PrefabInternal: {fileID: 0}
  m_GameObject: {fileID: 0}
  m_Enabled: 1
  m_EditorHideFlags: 0
  m_Script: {fileID: 11500000, guid: 8627452d0ee0f7547b5a0f87feaee6d8, type: 3}
  m_Name: '--- -- OutputNode - 1 - 0'
  m_EditorClassIdentifier: 
  id: input
  rect:
    serializedVersion: 2
    x: 1417
    y: 426
    width: 80
    height: 20
  content: input>
  connections:
  - {fileID: 114108942769519708}
  direction: 0
  multi: 1
  parent: {fileID: 114330482723008668}
  type: System.Object
  path: Assets/Canvas/Canvas.asset
  required: 0
--- !u!114 &114923080297434674
MonoBehaviour:
  m_ObjectHideFlags: 0
  m_CorrespondingSourceObject: {fileID: 0}
  m_PrefabInternal: {fileID: 0}
  m_GameObject: {fileID: 0}
  m_Enabled: 1
  m_EditorHideFlags: 0
  m_Script: {fileID: 11500000, guid: adec3be28b447d94c91428202322fd9b, type: 3}
  m_Name: '---- --- -- OutputNode - 9 - 0 - 0'
  m_EditorClassIdentifier: 
  origin: {fileID: 114275757605002932}
  target: {fileID: 114563135217873846}
  path: Assets/Canvas/Canvas.asset
--- !u!114 &114924997242933240
MonoBehaviour:
  m_ObjectHideFlags: 0
  m_CorrespondingSourceObject: {fileID: 0}
  m_PrefabInternal: {fileID: 0}
  m_GameObject: {fileID: 0}
  m_Enabled: 1
  m_EditorHideFlags: 0
  m_Script: {fileID: 11500000, guid: 8627452d0ee0f7547b5a0f87feaee6d8, type: 3}
  m_Name: '--- -- BulgeNode - 2 - 3'
  m_EditorClassIdentifier: 
  id: input
  rect:
    serializedVersion: 2
    x: 580
    y: 262
    width: 80
    height: 20
  content: input>
  connections:
  - {fileID: 114657118783709658}
  direction: 0
  multi: 0
  parent: {fileID: 114259511482654454}
  type: System.Single[,]
  path: Assets/Canvas/Canvas.asset
  required: 1
--- !u!114 &114935798591175602
MonoBehaviour:
  m_ObjectHideFlags: 0
  m_CorrespondingSourceObject: {fileID: 0}
  m_PrefabInternal: {fileID: 0}
  m_GameObject: {fileID: 0}
  m_Enabled: 1
  m_EditorHideFlags: 0
  m_Script: {fileID: 11500000, guid: 8627452d0ee0f7547b5a0f87feaee6d8, type: 3}
  m_Name: '--- -- BulgeNode - 2 - 1'
  m_EditorClassIdentifier: 
  id: m
  rect:
    serializedVersion: 2
    x: 580
    y: 222
    width: 80
    height: 20
  content: m>
  connections: []
  direction: 0
  multi: 0
  parent: {fileID: 114259511482654454}
  type: System.Single
  path: Assets/Canvas/Canvas.asset
  required: 0
--- !u!114 &114945981784006366
MonoBehaviour:
  m_ObjectHideFlags: 0
  m_CorrespondingSourceObject: {fileID: 0}
  m_PrefabInternal: {fileID: 0}
  m_GameObject: {fileID: 0}
  m_Enabled: 1
  m_EditorHideFlags: 0
  m_Script: {fileID: 11500000, guid: 8627452d0ee0f7547b5a0f87feaee6d8, type: 3}
  m_Name: '--- -- RoundNode - 7 - 1'
  m_EditorClassIdentifier: 
  id: output
  rect:
    serializedVersion: 2
    x: 1341
    y: 532
    width: 80
    height: 20
  content: output>
  connections: []
  direction: 1
  multi: 0
  parent: {fileID: 114684574435624344}
  type: System.Single[,]
  path: Assets/Canvas/Canvas.asset
  required: 0
--- !u!114 &114967518271952374
MonoBehaviour:
  m_ObjectHideFlags: 0
  m_CorrespondingSourceObject: {fileID: 0}
  m_PrefabInternal: {fileID: 0}
  m_GameObject: {fileID: 0}
  m_Enabled: 1
  m_EditorHideFlags: 0
  m_Script: {fileID: 11500000, guid: 8627452d0ee0f7547b5a0f87feaee6d8, type: 3}
  m_Name: '--- -- PerlinNoiseNode - 0 - 1'
  m_EditorClassIdentifier: 
  id: perlinScale
  rect:
    serializedVersion: 2
    x: 360
    y: 111
    width: 80
    height: 20
  content: perlinScale>
  connections: []
  direction: 0
  multi: 0
  parent: {fileID: 114130232817854868}
  type: System.Single
  path: Assets/Canvas/Canvas.asset
  required: 0
